<?xml version="1.0" encoding="UTF-8"?><collection xmlns="http://www.loc.gov/MARC21/slim"><record><leader>00599nam--2200193-i-4500</leader><controlfield tag="001">000034701</controlfield><controlfield tag="002">20161230</controlfield><controlfield tag="005">20161230201040</controlfield><controlfield tag="008">060222s1000------------r-----000-0-eng-d</controlfield><datafield ind1=" " ind2=" " tag="040"><subfield code="a">IFIN-HH</subfield></datafield><datafield ind1=" " ind2=" " tag="080"><subfield code="a">52-735(061.3)</subfield></datafield><datafield ind1="1" ind2=" " tag="100"><subfield code="a">Giacconi, Riccardo /S.A.</subfield></datafield><datafield ind1="1" ind2="0" tag="245"><subfield code="a">X-ray astronomy. proceedings, erice, sicily, 1979</subfield><subfield code="c">Riccardo giacconi, giancarlo setti (eds.)</subfield></datafield><datafield ind1=" " ind2=" " tag="260"><subfield code="a">Dordrect</subfield><subfield code="b">D.Reidel Publishing Company</subfield><subfield code="c">1980</subfield></datafield><datafield ind1=" " ind2=" " tag="300"><subfield code="a">VIII+406P</subfield></datafield><datafield ind1=" " ind2=" " tag="490"><subfield code="a">Nato Advanced Study Institute Series C, 60</subfield></datafield><datafield ind1="1" ind2=" " tag="700"><subfield code="a">Setti, Giancarlo</subfield><subfield code="e">Ed</subfield></datafield><datafield ind1=" " ind2=" " tag="852"><subfield code="a">45548</subfield><subfield code="c">53</subfield></datafield><datafield ind1=" " ind2=" " tag="CAT"><subfield code="a">Sys</subfield><subfield code="c">20150323</subfield><subfield code="h">131910</subfield></datafield></record></collection>